<?xml version="1.0" encoding="UTF-8"?><record xmlns="http://www.loc.gov/MARC21/slim" xmlns:cinclude="http://apache.org/cocoon/include/1.0" xmlns:zs="http://www.loc.gov/zing/srw/">
  <leader>00392nz  a2200121n  4500</leader>
  <controlfield tag="001">nr 90008778 </controlfield>
  <controlfield tag="003">DLC</controlfield>
  <controlfield tag="005">19900525053340.2</controlfield>
  <controlfield tag="008">900523n| acannaab|          |n aaa     c</controlfield>
  <datafield tag="010" ind1=" " ind2=" ">
    <subfield code="a">nr 90008778 </subfield>
  </datafield>
  <datafield tag="040" ind1=" " ind2=" ">
    <subfield code="a">NjP</subfield>
    <subfield code="c">NjP</subfield>
  </datafield>
  <datafield tag="100" ind1="1" ind2="0">
    <subfield code="a">Paules, Granville Edward</subfield>
  </datafield>
  <datafield tag="670" ind1=" " ind2=" ">
    <subfield code="a">His Synthesis and analysis of flexible and complex heat-integrated distillation sequences, 1990:</subfield>
    <subfield code="b">t.p. (Granville Edward Paules IV)</subfield>
  </datafield>
</record>